<?xml version="1.0" encoding="UTF-8"?><collection xmlns="http://www.loc.gov/MARC21/slim"><record><leader>00483nam--2200157-i-4500</leader><controlfield tag="001">000006214</controlfield><controlfield tag="002">20161230</controlfield><controlfield tag="005">20161230201026</controlfield><controlfield tag="008">060222s1000------------r-----000-0-eng-d</controlfield><datafield ind1=" " ind2=" " tag="080"><subfield code="a">517.531</subfield></datafield><datafield ind1=" " ind2=" " tag="100"><subfield code="a">Behnke, H., Sommer, Fr</subfield></datafield><datafield ind1=" " ind2=" " tag="245"><subfield code="a">Theorie der analytischen funktionen einer komp lexen veranderlichen</subfield></datafield><datafield ind1=" " ind2=" " tag="260"><subfield code="a">Berlin, Springer-verlag, 1962 603 P. + 59 Fig,</subfield></datafield><datafield ind1=" " ind2=" " tag="490"><subfield code="a">Die Grundlehren Der Mathematischen Wiss</subfield></datafield><datafield ind1=" " ind2=" " tag="852"><subfield code="a">18512</subfield><subfield code="c">527.53</subfield></datafield><datafield ind1=" " ind2=" " tag="CAT"><subfield code="a">Sys</subfield><subfield code="c">20080818</subfield><subfield code="h">133616</subfield></datafield></record></collection>